@book{sissejuhVorg,
    author = "Erkki Laaneoks",
    title = "Sissejuhatus võrgutehnoloogiasse",
    year = "2008",
    publisher = "Tartu Ülikooli Kirjastus"
}

@MISC{cdpInfo,
    author = {Deben Bhattarai},
    title = {Cisco Discovery Protocol (CDP)},
    howpublished = {The Cisco Learning Network},
    year = {2015},
    note = {\url { https://learningnetwork.cisco.com/docs/DOC-26872 }}
}

@MISC{lldpInfo,
    author = {Deben Bhattarai},
    title = {Link Layer Discovery Protocol (LLDP)},
    howpublished = {The Cisco Learning Network},
    year = {2015},
    note = {\url { https://learningnetwork.cisco.com/docs/DOC-26851 }}
}

@MISC{CytoscapeIntro,
    title = {Cytoscape.js},
    howpublished = {\url { http://js.cytoscape.org/#introduction }},
    note = {Vaadatud: 25.03.2019}
}

@MISC{EasySNMPDocs,
    title = {Easy SNMP documentation},
    howpublished = {\url { https://easysnmp.readthedocs.io }},
    note = {Vaadatud: 25.03.2019}
}

@MISC{localWebSec,
    author = {Adam Barth},
    title = {Security in Depth: Local Web Pages},
    howpublished = {Chromium Blog, \url { https://blog.chromium.org/2008/12/security-in-depth-local-web-pages.html }},
    year = {2008}
}

@MISC{W3CORS,
    title = {Cross-Origin Resource Sharing},
    howpublished = {W3C Recommendation, \url { https://www.w3.org/TR/cors/ }},
    year = {2014}
}

@MISC{ietfOrigin,
    author = {Adam Barth},
    title = {The Web Origin Concept},
    howpublished = {\url { https://tools.ietf.org/html/rfc6454 }},
    year = {2011}
}

@MISC{FFCORS,
    title = {Same-origin policy for file: URIs},
    howpublished = {\url { https://developer.mozilla.org/en-US/docs/Archive/Misc_top_level/Same-origin_policy_for_file:_URIs }},
    note = {Vaadatud: 26.03.2019}
}

@MISC{netcrawl,
    author = {Github Kasutaja Ytti},
    title = {Netcrawl - LLDP/CDP crawler},
    howpublished = {\url { https://github.com/ytti/netcrawl }},
    note = {Vaadatud: 08.04.2019}
}

@MISC{netdiscoDocs,
    author = {Oliver Gorwits},
    title = {App::Netdisco - An open source web-based network management tool.},
    howpublished = {\url { https://metacpan.org/pod/App::Netdisco }},
    note = {Vaadatud: 09.05.2019}
}
